<record><leader>00000cas a22000007a 4500</leader><controlfield tag="001">15296486</controlfield><controlfield tag="008">870310d19751980inudn ne      0    0eng d</controlfield><datafield ind1=" " ind2=" " tag="010"><subfield code="a">sn 87055317 </subfield></datafield><datafield ind1=" " ind2=" " tag="040"><subfield code="a">NPI</subfield><subfield code="b">eng</subfield><subfield code="c">NPI</subfield><subfield code="d">OCLCQ</subfield></datafield><datafield ind1=" " ind2=" " tag="042"><subfield code="a">msc</subfield></datafield><datafield ind1="0" ind2="4" tag="245"><subfield code="a">The Peru tribune.</subfield></datafield><datafield ind1=" " ind2=" " tag="260"><subfield code="a">Peru, Ind. :</subfield><subfield code="b">Peru Daily Tribune Pub. Co.,</subfield><subfield code="c">1975-1980.</subfield></datafield><datafield ind1=" " ind2=" " tag="310"><subfield code="a">Daily (except Sun.)</subfield></datafield><datafield ind1="0" ind2=" " tag="362"><subfield code="a">Vol. 54, no. 297 (Apr. 3, 1975)-v. 60, no. 74 (July 12, 1980).</subfield></datafield><datafield ind1=" " ind2=" " tag="752"><subfield code="a">United States</subfield><subfield code="b">Indiana</subfield><subfield code="c">Miami</subfield><subfield code="d">Peru.</subfield></datafield><datafield ind1="0" ind2="0" tag="780"><subfield code="t">Peru daily tribune (Peru, Ind. : 1921)</subfield><subfield code="w">(DLC)sn 87055326</subfield></datafield><datafield ind1="0" ind2="0" tag="785"><subfield code="t">Peru daily tribune (Peru, Ind. : 1980)</subfield><subfield code="w">(DLC)sn 87055316</subfield></datafield></record>